<?xml version="1.0" encoding="UTF-8"?><collection xmlns="http://www.loc.gov/MARC21/slim"><record><leader>00583nam--2200181-i-4500</leader><controlfield tag="001">000002620</controlfield><controlfield tag="002">20161230</controlfield><controlfield tag="005">20161230201025</controlfield><controlfield tag="008">060222s1000------------r-----000-0-eng-d</controlfield><datafield ind1=" " ind2=" " tag="040"><subfield code="a">IFIN-HH</subfield></datafield><datafield ind1=" " ind2=" " tag="080"><subfield code="a">533.7</subfield></datafield><datafield ind1="1" ind2=" " tag="100"><subfield code="a">Chapman, Sydney</subfield></datafield><datafield ind1="1" ind2="0" tag="245"><subfield code="a">The mathematical theory of non-uniform gases</subfield><subfield code="b">An account of the kinetic theory pf viscosity, thermal conduction and diffusion in gases</subfield><subfield code="c">Sydney chapman, t.g. cowling</subfield></datafield><datafield ind1=" " ind2=" " tag="260"><subfield code="a">Cambridge, University Press, 1953</subfield></datafield><datafield ind1=" " ind2=" " tag="300"><subfield code="a">XXIII + 431P</subfield></datafield><datafield ind1="1" ind2=" " tag="700"><subfield code="a">Cowling, T.G</subfield></datafield><datafield ind1=" " ind2=" " tag="852"><subfield code="a">10063</subfield><subfield code="c">533.7</subfield></datafield><datafield ind1=" " ind2=" " tag="CAT"><subfield code="a">Sys</subfield><subfield code="c">20100914</subfield><subfield code="h">145447</subfield></datafield></record></collection>